<?xml version="1.0" encoding="UTF-8"?><collection xmlns="http://www.loc.gov/MARC21/slim"><record><leader>00457nam--2200145-i-4500</leader><controlfield tag="001">000011236</controlfield><controlfield tag="002">20161230</controlfield><controlfield tag="005">20170304210133</controlfield><controlfield tag="008">060222s1000------------r-----000-0-eng-d</controlfield><datafield ind1=" " ind2=" " tag="100"><subfield code="a">Cella, A</subfield></datafield><datafield ind1=" " ind2=" " tag="245"><subfield code="a">Sulla risoluzione dei problemi di elasticita non lineare e di elasto-plasticita attraverso il metodo degli elementi finiti</subfield></datafield><datafield ind1=" " ind2=" " tag="260"><subfield code="a">Pisa</subfield><subfield code="b">Tipografia Editrice Pisana</subfield><subfield code="c">1974</subfield></datafield><datafield ind1=" " ind2=" " tag="300"><subfield code="a">11 p</subfield></datafield><datafield ind1=" " ind2=" " tag="700"><subfield code="a">Carmignani, C</subfield></datafield><datafield ind1=" " ind2=" " tag="CAT"><subfield code="a">SYS</subfield><subfield code="c">20170304</subfield><subfield code="h">210133</subfield></datafield></record></collection>